4484 5542
1088 342 1131 433 11

356 587 420 654 Sed
443 586 532 665 haec,
556 604 750 672 quamquam
774 583 862 650 haud
885 563 1119 649 contemnenda
1140 590 1215 649 sunt
1236 583 1269 648 in
1291 581 1432 667 periodis
1453 581 1639 663 formandis,
1661 590 1769 651 tamen
1791 588 1895 672 magis
1919 588 2033 671 latent,

204 701 279 760 sunt
301 697 409 759 autem
432 691 552 757 multae
574 689 698 775 periodi
713 688 802 773 apud
824 695 971 755 oratores
993 689 1123 766 Atticos,
1146 709 1284 775 quarum
1306 686 1410 754 forma
1436 709 1475 754 ac
1496 688 1580 754 ratio
1602 694 1672 755 tota
1693 689 1760 756 fere
1782 691 1928 759 infinitivi
1950 717 1974 760 c.
1999 717 2029 763 a

205 821 230 864 c.
253 819 313 863 usu
334 798 466 863 nitatur.
514 795 690 879 Praecipue
713 796 747 858 in
770 795 817 872 iis,
840 815 978 880 quarum
997 792 1175 859 subiectum
1194 797 1320 858 constat
1339 814 1378 857 ex
1398 792 1553 859 infinitivo
1573 793 1623 860 vel
1642 816 1707 861 uno
1730 795 1780 862 rel
1803 798 2033 883 compluribus,

204 903 332 970 articuli
353 924 429 968 usus
451 901 568 967 summi
590 900 740 965 momenti
763 905 818 964 est.
843 899 881 964 es.
903 898 1017 977 locum,
1045 920 1141 985 quem
1162 919 1235 983 pag.
1260 904 1278 961 7
1302 898 1406 990 attuli,
1439 898 1535 966 Isocr.
1562 904 1611 977 13,
1641 905 1689 978 16,
1722 921 1786 987 quo
1807 902 1835 967 si
1857 904 2029 971 articulum

203 1007 244 1072 τό
266 1009 437 1085 omitteres,
459 1006 567 1073 omnia
578 1003 807 1082 dilaberentur,
829 1025 914 1069 nune
929 1010 1037 1070 autem
1052 1025 1118 1069 una
1132 1004 1245 1070 rocula
1259 1002 1445 1069 brevissima
1460 1024 1571 1069 omnes
1585 1003 1632 1069 illi
1647 1004 1792 1072 infinitivi
1815 1008 1862 1073 ita
1884 1030 2028 1095 compre·

205 1113 400 1191 hendnntur,
423 1119 580 1177 utimum
603 1109 727 1194 periodi
749 1109 928 1174 membrum
950 1108 1091 1175 efficiant
1112 1114 1210 1195 atque
1232 1130 1296 1174 uno
1318 1116 1489 1193 conspectu
1511 1109 1701 1193 perlustrari
1722 1113 1852 1195 possint.

358 1217 536 1282 Plurimum
558 1222 667 1281 autem
688 1215 774 1279 valet
795 1214 941 1279 infinitivi
963 1236 989 1279 c.
1011 1236 1041 1281 a.
1064 1235 1089 1280 c
1113 1234 1189 1279 usus
1211 1215 1244 1279 in
1265 1213 1405 1298 periodis
1426 1213 1642 1293 antitheseis,
1671 1237 1754 1302 quae
1777 1217 1935 1298 dicuntur,
1958 1221 1976 1285 i.
2001 1243 2028 1288 o.

205 1326 253 1403 iis,
275 1345 359 1411 quae
381 1343 421 1387 ex
443 1320 526 1387 binis
548 1320 598 1386 rel
620 1320 767 1404 pluribus
789 1317 939 1385 membris
962 1318 1126 1402 particulis
1147 1316 1260 1402 μένδέ
1281 1321 1433 1403 oppositis
1448 1324 1602 1386 constant
1649 1320 1840 1407 Saepissime
1857 1330 2028 1414 utrumque

206 1427 385 1495 membrum
408 1426 563 1492 infinitivo
586 1447 611 1490 c.
634 1446 661 1490 a.
686 1446 710 1490 e.
734 1425 854 1508 incipit,
881 1445 939 1489 nec
961 1424 1066 1490 solum
1089 1424 1274 1490 nominativi
1297 1417 1347 1511 (τό
1362 1422 1448 1508 μέν,
1469 1421 1507 1489 τύ
1524 1423 1589 1514 δέ-)
1613 1428 1687 1492 usui
1709 1434 1793 1504 sunt,
1815 1429 1871 1494 sed
1894 1430 2029 1518 quilibet

206 1555 297 1600 casus
329 1533 379 1598 vel
404 1530 553 1597 absolute
579 1531 673 1614 positi
706 1530 755 1595 vel
783 1552 804 1595 a
833 1528 1121 1613 praepositionibus
1148 1528 1372 1613 dependentes.
1421 1529 1564 1608 Quarum
1596 1532 1801 1615 periodorum
1828 1534 1923 1601 liceat
1950 1538 2028 1603 mihi

205 1661 306 1706 unum
329 1639 425 1704 etiam
448 1635 629 1720 exemplum
650 1640 749 1721 atque
776 1634 811 1700 id
837 1634 1127 1717 praeclarissimum
1147 1655 1342 1719 proponere,
1373 1635 1460 1723 quod
1491 1637 1608 1720 legitur
1631 1636 1718 1703 Dem
1743 1658 1788 1703 or.
1816 1644 1871 1719 19,
1894 1645 1957 1706 325
1980 1663 2029 1731 sq.

206 1743 262 1809 καὶ
289 1739 355 1830 γάρ
381 1756 433 1804 τοι
460 1740 668 1826 παραχρῆμα
695 1732 773 1803 άντλ
799 1739 859 1821 μὲν
892 1738 952 1803 τοῦ
979 1733 1133 1815 Θεσπιάς
1166 1740 1221 1804 καὶ
1253 1735 1433 1816 Πλαταιάς
1464 1737 1551 1806 ἰδεῖν
1580 1738 1805 1824 οἰκιζομένας,
1841 1737 2030 1833 Ὀρχομενύν

206 1848 263 1914 καὶ
288 1837 480 1934 Κορώνειαν
511 1836 674 1932 ἠκούσατε
706 1835 1024 1930 ἠνδραποδισμένας.
1070 1836 1145 1908 α’ντί
1179 1844 1215 1910 δὲ
1248 1844 1305 1910 τού
1338 1839 1402 1921 τοίς
1438 1837 1551 1932 Θήβας
1583 1845 1749 1924 ταπεινάς
1780 1847 1940 1928 γενέσθαι
1969 1854 2029 1919 καὶ

207 1948 472 2040 περιαιρεθῆναι
493 1944 551 2036 τὴν
572 1940 669 2034 ύβριν
690 1947 747 2012 καὶ
767 1945 806 2012 τό
829 1942 975 2036 φρόνημ’
997 1939 1116 2027 αύτόν,
1138 1947 1180 2013 τά
1203 1949 1268 2013 τόν
1291 1941 1471 2033 συμμάχων
1492 1950 1556 2014 τῶν
1577 1943 1744 2039 ὑμετέροιν
1765 1942 1909 2021 Φωκέων
1932 1956 2028 2045 τείχη

206 2047 464 2122 κατεσκάπτετο·
508 2055 658 2141 Θηβαῖοι
689 2048 719 2117 δ’
746 2042 827 2139 ἦσαν
855 2048 887 2116 οἱ
910 2052 1219 2134 κατασκάπτοντες,
1247 2051 1281 2121 οἱ
1313 2054 1557 2131 διοικισθέντες
1580 2048 1640 2122 ύπ’
1671 2055 1836 2140 Αἰσχίνου
1857 2061 1905 2144 aqi
1928 2060 2033 2148 λόγῳ.

206 2157 282 2228 cirri
309 2160 347 2227 δὲ
372 2160 431 2225 τοῦ
452 2155 510 2246 τὴν
532 2153 678 2242 Εὔβοιαν
699 2150 771 2222 ἄντ’
791 2147 1030 2245 Ἀμφιπόλεως
1051 2150 1131 2242 ύμῖν
1153 2159 1406 2248 παραδοθῆναι,
1433 2152 1619 2248 ὁρμητήρια
1645 2154 1701 2250 ἐφ’
1727 2155 1817 2246 ύμάς
1838 2160 1873 2230 ἐν
1903 2159 2029 2252 ripole

207 2266 385 2341 Φίλιππος
407 2255 782 2351 προσκατασκευάζεται
804 2263 860 2328 καὶ
882 2265 1057 2351 Γεραιστῷ
1077 2264 1137 2330 καὶ
1159 2253 1335 2353 Μεγάροις
1356 2257 1585 2348 ἐπιβουλεύων
1607 2266 1769 2333 διατελεῖ.
1813 2260 1888 2334 άντὶ
1911 2269 1948 2336 δὲ
1970 2271 2030 2336 τού

205 2366 264 2438 τόν
284 2365 433 2458 Ωρωπύν
445 2361 525 2452 ύμῖν
538 2362 761 2456 οἰποδοθῆναι,
777 2367 857 2455 περὶ
871 2369 1008 2455 Δρυμοῦ
1023 2370 1152 2457 καὶτῆς
1166 2365 1255 2457 πρδς
1269 2359 1439 2455 Πανάκτῳ
1454 2369 1567 2458 χώρας
1580 2364 1663 2454 μεθ’
1677 2365 1794 2437 ὅπλων
1807 2370 2028 2460 ἐξερχόμεθα,

203 2471 235 2557 δ’,
269 2475 352 2552 τέως
383 2465 468 2563 ἦσαν
500 2479 634 2551 Φωκεῖς
666 2474 762 2561 σῷοι,
795 2467 869 2540 οὐδὲ
892 2461 1024 2539 πώποτ’
1055 2472 1272 2563 ἐποιήσαμεν.
1325 2467 1403 2541 α’ντί
1425 2474 1462 2541 δὲ
1494 2475 1554 2542 τού
1576 2472 1617 2540 τά
1648 2476 1778 2565 πάτρια
1806 2476 1841 2544 ἐν
1871 2481 1918 2567 τῷ
1948 2476 2030 2567 ἱερῷ

206 2582 463 2668 κατασταθῆναι
485 2579 541 2644 καί
563 2573 605 2644 τά
627 2578 784 2666 χρήματα
806 2575 1060 2666 εἰσπραχθῆναι
1081 2581 1127 2667 τῷ
1150 2579 1242 2668 θεῷ,
1264 2576 1298 2646 oi
1324 2578 1385 2664 μὲν
1416 2574 1509 2656 ὄντες
1530 2575 1765 2668 Ἀμφικτύονες
1787 2582 1948 2669 φεύγουσι
1972 2584 2052 2649 καλ

205 2678 435 2772 ἐξελήλανται,
458 2685 515 2750 καὶ
529 2678 715 2759 ἀνάστατος
729 2676 837 2751 αἰτόν
851 2677 871 2771 ἦ
885 2681 977 2770 χώρα
991 2682 1130 2771 γέγονεν,
1149 2681 1182 2749 οἱ
1197 2682 1228 2751 δ’
1242 2678 1280 2752 ού
1295 2681 1426 2751 πώποτ’
1442 2683 1476 2752 ἰν
1490 2685 1539 2774 τῷ
1554 2675 1707 2773 πρόσθεν
1720 2678 1828 2775 χρόνῳ
1850 2676 2029 2772 γενόμενοι,

207 2781 401 2866 Μακεδόνες
425 2790 484 2856 καί
505 2781 682 2877 βάρβαροι,
703 2789 759 2854 νύν
780 2780 1012 2876 Ἀμφικτύονες
1033 2780 1120 2855 εἰναι
1140 2781 1323 2874 βιάζονται.

360 2896 483 2961 Tantus
505 2895 603 2960 ardor
625 2895 761 2973 dicendi,
785 2900 925 2981 quantus
947 2895 980 2960 in
996 2894 1057 2960 hae
1080 2917 1177 2982 quam
1193 2896 1359 2962 attulimus
1378 2896 1510 2980 periodo
1526 2895 1696 2983 multisque
1711 2895 1746 2961 id
1760 2917 1859 2980 genus
1874 2895 2028 2962 similibus

205 3003 301 3086 riget,
333 3002 426 3066 unius
459 3000 681 3066 Demosthenis
711 3006 775 3077 est,
806 3000 863 3065 sed
898 3001 995 3065 etiam
1028 3001 1179 3088 aequales
1213 3003 1280 3066 eius
1312 3002 1433 3067 maiore
1465 3023 1536 3067 oum
1567 3008 1637 3067 arte
1659 3001 1814 3067 infinitivo
1837 3024 1863 3068 c.
1887 3024 1915 3068 a.
1937 3023 1961 3066 c.
1986 3001 2029 3066 ad

206 3106 353 3191 periodas
383 3106 566 3172 condendas
597 3106 644 3170 usi
671 3111 746 3170 sunt
773 3127 870 3194 (ruam
894 3107 1031 3189 priores,
1055 3107 1142 3172 velut
1164 3106 1366 3191 Thucydides
1389 3113 1421 3173 et
1443 3105 1616 3191 Antiphon.
1662 3105 1724 3172 Sed
1747 3107 1927 3173 accuratius
1948 3105 2030 3172 llaec

206 3213 376 3296 explicare,
399 3212 488 3277 aliud
511 3213 544 3276 in
567 3218 692 3294 tempus
715 3211 792 3276 milri
816 3219 864 3277 est
887 3212 1107 3279 differendum.
