4484 5542
1114 327 1137 417 2

1016 447 1221 457 ..μ

210 568 412 655 eloquentiae
434 586 605 650 progressu
628 567 814 633 coniunctus
837 571 936 653 atque
959 587 1119 632 connexus
1149 573 1243 635 esset.
1289 567 1365 634 Tria
1387 573 1495 634 autem
1518 567 1596 632 mihi
1627 565 1776 631 videntur
1798 565 1831 630 in
1852 565 1915 632 hac
1934 588 2038 654 quae·

211 673 314 739 stione
339 670 625 737 animadvertenda
640 693 716 750 esse,
739 671 888 756 primum,
912 673 1058 758 quotiens
1081 672 1197 756 singuli
1220 673 1533 739 oratores'infinitivo
1557 693 1629 738 oum
1645 671 1780 736 articulo
1796 672 1963 739 coniuncto
1985 673 2036 738 usi

212 778 286 854 sint,
310 778 457 854 alterum,
480 776 640 862 quomodo
663 778 830 842 enuntiata
852 775 1080 842 infinitivorum
1102 777 1144 842 ab
1167 777 1302 843 articulo
1324 778 1538 862 dependentia
1559 776 1784 853 formaverint,
1806 777 1945 855 tertium,
1967 799 2034 864 qua

209 889 280 950 arte
302 883 387 947 hanc
409 886 603 946 structuram
635 881 676 948 ad
707 881 855 965 periodos
886 880 1052 964 fingendas
1083 883 1315 966 usurpaverint.
1359 883 1429 948 Hoc
1462 903 1591 971 quoque
1618 880 1837 968 quaerendum
1864 881 1934 960 erit,
1955 904 2033 947 num

210 989 274 1053 siut
295 988 379 1052 inter
402 992 555 1064 oratores,
578 986 634 1073 qui
656 987 788 1052 diversis
811 987 971 1052 aetatibus
987 988 1071 1052 vitae
1093 987 1143 1052 vel
1158 987 1289 1052 diversis
1304 988 1336 1052 in
1353 989 1536 1053 orationum
1555 985 1724 1069 generibus
1739 985 1880 1051 diversas
1893 987 2036 1052 rationes

210 1093 311 1159 secuti
334 1093 407 1157 siut.
451 1091 598 1177 Aequum
621 1097 730 1156 autem
753 1091 888 1168 videtur,
911 1113 932 1156 a
954 1091 1148 1176 Thucydidis
1171 1092 1368 1158 orationibus
1398 1092 1565 1177 proficisci,
1589 1091 1706 1178 quippe
1729 1092 1784 1178 qui
1806 1091 1928 1175 primus
1949 1094 2036 1158 inter

209 1198 331 1264 Atticos
352 1195 542 1261 infinitivum
565 1196 763 1282 frequentius
786 1217 858 1261 cum
880 1197 1015 1262 articulo
1038 1197 1244 1261 coniunxerit.

362 1302 401 1366 ln
423 1301 575 1384 exemplis
597 1300 805 1366 numerandis
827 1302 872 1366 sic
895 1302 954 1384 egi,
978 1309 1014 1366 nt
1036 1301 1214 1384 complures
1229 1300 1400 1367 infinitivos
1421 1301 1633 1383 coordinatoS,
1657 1301 1684 1365 si
1699 1300 1853 1366 articulus
1868 1301 2033 1385 repetitur,

210 1406 404 1490 singulatim,
426 1406 476 1470 sin
500 1405 597 1483 deest,
619 1427 679 1489 pro
701 1427 766 1471 uno
800 1405 945 1489 exemplo
976 1407 1217 1472 numeraverim.
1275 1406 1403 1471 Exclusi
1434 1413 1543 1472 autem
1566 1427 1605 1471 ea
1628 1405 1782 1489 exempla,
1806 1427 1889 1492 quae
1912 1406 2033 1471 notioni

211 1511 353 1578 adverbii
384 1510 528 1595 proxime
559 1510 725 1586 accedunt,
755 1510 843 1575 velut
871 1505 909 1573 τό
934 1509 991 1575 νῦν
1021 1501 1108 1575 εἶναι
1138 1512 1266 1588 similia,
1296 1533 1356 1577 nec
1386 1512 1490 1577 minus
1523 1511 1614 1577 omisi
1645 1512 1678 1574 in
1710 1511 1948 1594 computatione
1979 1531 2033 1576 eas

210 1618 379 1691 orationes,
403 1636 483 1702 quas
506 1621 630 1681 constat
651 1636 716 1680 non
739 1616 892 1698 genuinas
925 1636 1006 1693 esse,
1035 1616 1067 1679 in
1099 1616 1160 1681 hac
1190 1637 1225 1680 re
1248 1616 1361 1681 Blassii
1392 1617 1545 1682 iudicium
1577 1622 1704 1681 secutus
1735 1622 1868 1700 excepta
1898 1638 1964 1681 una
1987 1638 2033 1682 or.

210 1723 300 1788 Deru.
323 1726 374 1798 29,
398 1742 495 1807 quam
526 1721 609 1785 inter
641 1721 800 1786 orationes
831 1719 996 1784 rhetorum
1027 1722 1134 1804 posui,
1165 1722 1329 1805 prooemia
1360 1742 1488 1808 quoque
1521 1721 1726 1786 Demostheni
1749 1721 1911 1806 adscripta
1932 1722 2033 1788 omisi.

210 1826 490 1910 Comparationem
505 1831 613 1890 autem
629 1824 727 1909 Siggii
747 1824 927 1908 exemplum
950 1833 1075 1889 secutus
1098 1827 1129 1889 in
1145 1826 1368 1910 paragraphos
1384 1826 1494 1909 redegi
1517 1834 1615 1913 atque
1638 1825 1762 1891 tabella
1788 1848 1873 1913 quae
1888 1829 2036 1913 sequitur

210 1932 417 2017 proponam
441 1951 633 2017 quaquam
664 1931 768 2014 prima
800 1929 949 1995 columna
980 1932 1113 2014 apposui
1135 1953 1323 2008 numerum,
1356 1932 1573 2014 exemplorum
1605 1952 1779 2008 summam,
1802 1953 1897 2018 quem
1920 1934 2033 2010 altera,

209 2035 489 2122 paragraphorum
511 2057 667 2100 summam
690 2033 856 2118 significat,
879 2035 991 2099 tertius
1014 2057 1164 2100 numerus
1187 2036 1328 2107 denotat,
1360 2037 1393 2099 in
1417 2041 1496 2122 quot
1523 2035 1745 2120 paragraphos
1768 2037 1893 2120 singula
1915 2037 2035 2103 cadant

209 2142 362 2226 exempla.

911 2299 914 2337 l

809 2373 844 2427 gg
965 2347 1038 2384 com·
1533 2347 1607 2384 num.
1812 2300 1816 2393 i
1859 2348 1934 2384 com·

938 2401 1053 2468 paratio.

635 2346 709 2384 num.

612 2400 728 2467 exempl.

323 2557 525 2641 Thucydides
642 2560 702 2620 134
824 2561 889 2622 676
990 2505 1074 2616 ῖ-
1560 2537 1651 2622 37'

278 2679 575 2692 ——-—--——--———
634 2681 1073 2690 ——--.—.-..—--—--
1177 2680 1276 2687 .---

322 2729 485 2812 Antiphon
661 2734 701 2795 38
823 2733 886 2793 295
1009 2730 1029 2792 8
1221 2682 1470 2794 Demosthene-s
1537 2734 1601 2797 832

321 2903 502 2968 Andocides

277 3028 430 3038 ———-
549 3031 552 3034 .

321 3077 431 3162 Lysias

278 3202 579 3211 ————-—

321 3251 475 3316 Isocrates

360 3390 410 3454 Ad
434 3390 650 3474 Thucydidem
674 3390 779 3454 minus
802 3390 884 3455 bene
907 3389 1047 3476 quadrat
1078 3388 1159 3453 haec
1181 3390 1391 3471 comparatio,
1423 3410 1498 3454 nam
1531 3410 1602 3455 cum
1624 3390 1823 3474 paragraphi
1845 3390 1933 3474 apud
1956 3410 2033 3455 ora-

207 3503 293 3563 tores
316 3517 424 3562 omnes
447 3495 587 3560 eiusdem
610 3494 677 3560 fere
701 3494 840 3560 ambitus
862 3497 934 3569 sint,
957 3494 1045 3578 apud
1067 3492 1157 3557 illum
1179 3493 1309 3557 dimidio
1336 3492 1403 3558 sere
1437 3501 1512 3559 sunt
1534 3496 1680 3560 minores,
1725 3495 1840 3582 Itaque
1862 3500 2032 3560 numerum

206 3601 485 3687 paragraphorum
507 3600 637 3665 dimidio
670 3600 825 3664 minorem
848 3601 876 3664 si
898 3602 931 3664 in
954 3598 1222 3682 computationem
1245 3598 1433 3675 inducimus,
1456 3600 1488 3663 in
1511 3599 1604 3665 binas
1619 3601 1669 3665 vel
1685 3606 1794 3666 ternas
1809 3599 2033 3685 paragraphos

207 3707 332 3792 singula
355 3705 501 3790 exempla
531 3705 658 3770 cadunt.
714 3704 752 3768 In
783 3705 969 3769 narratione
1003 3702 1195 3786 Thucydidis
1217 3703 1318 3768 multo
1348 3705 1474 3768 rariora
1504 3712 1579 3770 sunt
1611 3707 1766 3790 exempla,
1789 3706 1968 3771 accuratius
1991 3726 2031 3771 ea

207 3835 272 3878 non
295 3812 466 3877 numeravi.
519 3810 703 3894 Hyperidis,
727 3810 759 3873 in
790 3831 854 3895 quo
886 3809 975 3874 deest
998 3807 1275 3892 paragraphorum
1307 3808 1434 3887 divisio,
1459 3812 1632 3888 orationes,
1655 3812 1689 3874 ni
1712 3811 1816 3888 fallor,
1838 3832 1933 3894 pares
1955 3815 2031 3875 sunt

208 3917 330 3984 ambitu
353 3916 478 3981 circiter
501 3921 628 3981 centum
651 3914 874 3999 paragraphis.
921 3913 1012 3990 Quod
1036 3914 1062 3977 si
1085 3933 1194 3977 verum
1217 3919 1273 3990 est,
1297 3934 1361 3978 non
1383 3915 1488 3979 rarius
1510 3915 1723 3981 Demosthene
1745 3914 1934 3981 infinitivum
1957 3936 2030 3980 cum

208 4022 347 4090 anticulo
370 4022 544 4100 coniunxit,
567 4042 642 4085 nam
666 4020 969 4105 undequadraginta
992 4017 1138 4101 exempla
1159 4019 1334 4101 usurpavit.

359 4125 514 4191 Isocrates
538 4131 572 4190 et
594 4125 824 4190 Demosthenes
847 4132 956 4189 autem
978 4123 1108 4188 diversis
1131 4122 1291 4187 aetatibus
1314 4123 1472 4188 diversam
1494 4125 1650 4189 rationem
1673 4125 1772 4190 secuti
1795 4130 1877 4189 sunt.
1923 4125 2029 4208 Atque

207 4231 408 4318 eloquentiae
441 4231 591 4296 Isocratis
622 4230 706 4295 duae
729 4235 851 4295 aetates
883 4236 1038 4315 tanquam
1071 4248 1130 4311 per
1152 4248 1186 4291 se
1217 4227 1306 4310 ipsae
1330 4229 1483 4308 evadunt,
1505 4230 1612 4313 prior,
1635 4251 1701 4316 qua
1723 4231 1828 4295 causis
1850 4226 2029 4295 forensibus

206 4358 338 4422 operam
361 4335 458 4414 dedit,
480 4335 593 4414 altera,
615 4357 680 4422 qua
696 4341 799 4400 toturn
822 4355 856 4398 se
871 4334 1026 4399 convertit
1040 4333 1073 4397 in
1089 4353 1188 4415 genus
1205 4332 1501 4399 demonstrativum.
1545 4333 1609 4400 Sed
1624 4356 1699 4400 cum
1716 4335 1846 4400 ultimas
1868 4333 2028 4399 crationes

208 4441 473 4508 demonstrativas
496 4461 556 4504 usu
578 4440 634 4506 inf.
656 4461 680 4505 c.
705 4462 734 4505 a.
757 4462 782 4505 c.
806 4461 827 4504 a
848 4439 959 4523 primis
989 4439 1126 4503 maxime
1149 4437 1331 4521 discrepare
1353 4440 1510 4517 viderem,
1538 4439 1673 4505 alteram
1696 4445 1834 4505 aetatem
1856 4439 1971 4503 iterum
1994 4438 2028 4502 in

206 4548 287 4613 duas
308 4553 416 4630 partes
438 4545 546 4622 divisi,
569 4567 650 4632 quas
673 4545 715 4610 ad
739 4544 964 4610 discernendas
995 4545 1133 4626 spatium
1164 4542 1250 4630 quod
1272 4544 1406 4609 interest
1432 4545 1517 4609 inter
1539 4565 1583 4610 or.
1609 4549 1628 4610 9
1652 4551 1684 4609 et
1706 4567 1752 4610 or.
1776 4551 1803 4609 6.
1828 4544 2026 4627 aptissimum

205 4652 283 4717 mihi
304 4651 482 4717 videbatur.
525 4650 631 4736 Atque
653 4651 687 4715 in
710 4648 908 4715 orationibus
931 4670 986 4713 sex
1008 4648 1200 4723 forensibus,
1223 4670 1306 4736 quae
1329 4649 1421 4716 nobis
1444 4648 1583 4714 traditae
1606 4655 1694 4728 sunt,
1718 4653 1781 4715 269
1804 4652 1845 4730 ἐξ
1870 4669 1934 4714 non
1954 4647 2027 4731 plns

206 4759 346 4845 quinque
370 4756 516 4841 exempla
539 4761 674 4831 exstant,
697 4757 730 4819 in
753 4776 799 4819 or.
824 4758 885 4833 21,
908 4775 992 4841 quae
1013 4760 1157 4837 tempore
1180 4761 1304 4820 ceteras
1319 4754 1510 4820 antecedere
1533 4754 1672 4833 videtur,
1703 4754 1836 4832 nullum,
1857 4754 1891 4818 in
1914 4752 2027 4817 ceteris

205 4863 336 4948 singula.
382 4862 433 4927 Ad
455 4862 591 4927 alteram
614 4881 711 4947 quam
734 4859 903 4925 statuimus
932 4864 1072 4925 aetatem
1096 4858 1283 4925 referendae
1316 4865 1391 4924 sunt
1423 4879 1467 4924 or.
1496 4863 1630 4938 13,11‚
1657 4865 1712 4938 10,
1736 4866 1769 4937 4,
1796 4865 1849 4937 14,
1873 4861 1910 4936 2,
1934 4862 1967 4935 9,
1991 4860 2035 4936 3,
